@online{
    dummy,
    title={Dummy Entry},
    url={http://example.com}
}
