@online{
    Grosser,
    author={Tobias Grosser},
    year={2222},
    url={haha.de},
    urldate={2222-12-22}
}
